% Encoding: UTF-8

@INPROCEEDINGS{whatdidyoudo,
    author = {Farrahi, Katayoun and Gatica-Perez, Daniel},
    title = {What Did You Do Today?: Discovering Daily Routines from Large-scale Mobile Data},
    booktitle = {Proceedings of the 16th ACM International Conference on Multimedia},
    series = {MM '08},
    year = {2008},
    isbn = {978-1-60558-303-7},
    location = {Vancouver, British Columbia, Canada},
    pages = {849--852},
    numpages = {4},
    url = {http://doi.acm.org/10.1145/1459359.1459503},
    doi = {10.1145/1459359.1459503},
    acmid = {1459503},
    publisher = {ACM},
    address = {New York, NY, USA},
    keywords = {human activity modeling, mobile phone, reality mining, routine discovery, topic models},
}
